% ==============================================================================
% ARQUIVO DE REFERÊNCIAS BIBLIOGRÁFICAS - FORMATO BibTeX
% ==============================================================================
% Este arquivo contém exemplos abrangentes de diferentes tipos de referências no 
% formato BibTeX para uso com LaTeX. Todas seguem as normas ABNT.
%
% DICAS IMPORTANTES:
% 1. Use o Google Acadêmico: clique em "Citar" → "BibTeX" e copie o código
% 2. Mantenha consistência nos nomes das chaves (ex: sobrenome + ano)
% 3. Use campos obrigatórios para cada tipo de referência
% 4. Acentos devem usar códigos LaTeX: {\'a}, {\'e}, {\~a}, {\c{c}}
% 5. Para citar no texto: \cite{chave_da_referencia}
% 6. Para múltiplas citações: \cite{ref1,ref2,ref3}
% 7. Para sites: sempre inclua data de acesso
% 8. Para redes sociais: cite apenas quando academicamente relevante
%
% FORMATAÇÃO DE NOMES:
% - Um autor: {Sobrenome, Nome}
% - Vários autores: {Sobrenome1, Nome1 and Sobrenome2, Nome2 and ...}
% - Muitos autores: {Sobrenome1, Nome1 and others}
% - Organizações: {{Nome da Organização}}
% ==============================================================================

% ==============================================================================
% 1. LIVROS (MONOGRAFIAS)
% ==============================================================================
% Campos obrigatórios: author/editor, title, publisher, year
% Campos opcionais: volume, series, address, edition, month, note, isbn

@book{silva2023fundamentos,
  title={Fundamentos da Engenharia de Software},
  author={Silva, João Carlos and Santos, Maria Aparecida},
  year={2023},
  edition={5},
  publisher={Atlas},
  address={São Paulo},
  isbn={978-85-224-5432-1},
  pages={450}
}

@book{knuth1997art,
  title={The Art of Computer Programming: Fundamental Algorithms},
  author={Knuth, Donald E.},
  year={1997},
  edition={3},
  volume={1},
  publisher={Addison-Wesley},
  address={Reading, MA},
  isbn={978-0201896831}
}

@book{pressman2021engenharia,
  title={Engenharia de Software: Uma Abordagem Profissional},
  author={Pressman, Roger S. and Maxim, Bruce R.},
  year={2021},
  edition={9},
  publisher={McGraw Hill Brasil},
  address={Porto Alegre},
  isbn={978-85-8260-729-2}
}

@book{russell2020artificial,
  title={Artificial Intelligence: A Modern Approach},
  author={Russell, Stuart and Norvig, Peter},
  year={2020},
  edition={4},
  publisher={Pearson},
  address={Boston},
  isbn={978-0134610993}
}

% ==============================================================================
% 2. ARTIGOS EM PERIÓDICOS
% ==============================================================================
% Campos obrigatórios: author, title, journal, year
% Campos opcionais: volume, number, pages, month, note, doi

@article{oliveira2022machine,
  title={Machine Learning aplicado à detecção de fraudes em transações bancárias},
  author={Oliveira, Ana Paula and Costa, Roberto Silva},
  journal={Revista Brasileira de Informática},
  year={2022},
  volume={15},
  number={3},
  pages={45--62},
  month={jul},
  doi={10.5753/rbi.2022.15.3.45}
}

@article{chen2023deep,
  title={Deep Learning for Medical Image Analysis: A Comprehensive Survey},
  author={Chen, Li and Wang, Xiao and Zhang, Wei and others},
  journal={IEEE Transactions on Medical Imaging},
  year={2023},
  volume={42},
  number={8},
  pages={2156--2175},
  month={aug},
  doi={10.1109/TMI.2023.3245678}
}

@article{santos2021sustentabilidade,
  title={Sustentabilidade urbana e tecnologias verdes: uma revisão sistemática},
  author={Santos, Carla Mendes and Ferreira, Pedro Henrique and Lima, José Antonio},
  journal={Revista de Gestão Ambiental e Sustentabilidade},
  year={2021},
  volume={10},
  number={2},
  pages={78--95},
  month={mai},
  doi={10.5585/geas.v10i2.18756}
}

@article{nature2023climate,
  title={Climate change mitigation through renewable energy adoption},
  author={Johnson, Emma and Williams, David and Brown, Sarah},
  journal={Nature Climate Change},
  year={2023},
  volume={13},
  number={4},
  pages={298--305},
  month={apr},
  doi={10.1038/s41558-023-01234-5}
}

% ==============================================================================
% 3. ARTIGOS EM ANAIS DE CONGRESSOS
% ==============================================================================
% Use @inproceedings para artigos apresentados em eventos

@inproceedings{almeida2023blockchain,
  title={Blockchain aplicado à rastreabilidade de alimentos: estudo de caso},
  author={Almeida, Fernando José and Rodrigues, Lucia Maria},
  booktitle={Anais do XXIII Simpósio Brasileiro de Sistemas de Informação},
  year={2023},
  pages={234--241},
  address={Campo Grande, MS},
  publisher={SBC},
  doi={10.5753/sbsi.2023.234}
}

@inproceedings{brown2022neural,
  title={Neural Architecture Search for Efficient Deep Learning Models},
  author={Brown, Michael and Davis, Sarah and Wilson, James},
  booktitle={Proceedings of the International Conference on Machine Learning},
  year={2022},
  pages={1234--1245},
  address={Baltimore, MD},
  publisher={PMLR},
  volume={162}
}

@inproceedings{silva2023iot,
  title={IoT aplicada ao monitoramento de qualidade do ar urbano},
  author={Silva, Roberto Carlos and Mendes, Fernanda},
  booktitle={Anais do XLIII Congresso da Sociedade Brasileira de Computação},
  year={2023},
  pages={567--574},
  address={Salvador, BA},
  publisher={SBC}
}

% ==============================================================================
% 4. TESES E DISSERTAÇÕES
% ==============================================================================
% Use @phdthesis para teses de doutorado e @mastersthesis para dissertações

@phdthesis{martins2023inteligencia,
  title={Inteligência Artificial Explicável aplicada ao Diagnóstico Médico},
  author={Martins, Eduardo Silva},
  year={2023},
  school={Universidade de São Paulo},
  address={São Paulo},
  type={Tese (Doutorado em Ciência da Computação)},
  pages={156}
}

@mastersthesis{pereira2022iot,
  title={Internet das Coisas aplicada ao Monitoramento Ambiental},
  author={Pereira, Camila Santos},
  year={2022},
  school={Universidade Estadual Paulista},
  address={Rio Claro, SP},
  type={Dissertação (Mestrado em Ciência da Computação)},
  pages={98}
}

@phdthesis{fernandes2023quantum,
  title={Computação Quântica aplicada à Otimização de Portfólios Financeiros},
  author={Fernandes, Carlos Eduardo},
  year={2023},
  school={Universidade Federal do Rio de Janeiro},
  address={Rio de Janeiro},
  type={Tese (Doutorado em Engenharia de Sistemas e Computação)},
  pages={189}
}

% ==============================================================================
% 5. CAPÍTULOS DE LIVROS
% ==============================================================================
% Use @incollection para capítulos de livros organizados

@incollection{garcia2023cybersecurity,
  title={Cybersecurity em Sistemas Industriais},
  author={Garcia, Antonio Carlos},
  booktitle={Segurança da Informação: Fundamentos e Aplicações},
  editor={Ramos, Patricia Silva and Costa, Miguel Santos},
  year={2023},
  pages={123--145},
  publisher={Elsevier},
  address={Rio de Janeiro},
  chapter={7}
}

@incollection{lima2022data,
  title={Data Science aplicada ao Agronegócio},
  author={Lima, Patricia Fernanda},
  booktitle={Tecnologia no Campo: Inovações do Século XXI},
  editor={Alves, João Paulo and Santos, Maria Clara},
  year={2022},
  pages={89--112},
  publisher={Atlas},
  address={São Paulo},
  chapter={5}
}

% ==============================================================================
% 6. SITES GOVERNAMENTAIS E INSTITUCIONAIS
% ==============================================================================
% Use @misc para recursos diversos, especialmente online

@misc{ibge2023censo,
  title={Censo Demográfico 2022: Primeiros Resultados},
  author={{IBGE}},
  year={2023},
  howpublished={Instituto Brasileiro de Geografia e Estatística},
  note={Disponível em: \url{https://www.ibge.gov.br/censo2022}. Acesso em: 15 mar. 2023}
}

@misc{mec2023diretrizes,
  title={Diretrizes Curriculares Nacionais para Cursos de Graduação em Computação},
  author={{MEC}},
  year={2023},
  howpublished={Ministério da Educação},
  note={Disponível em: \url{https://www.gov.br/mec/pt-br/acesso-a-informacao/institucional/secretarias/secretaria-de-educacao-superior}. Acesso em: 20 fev. 2023}
}

@misc{anvisa2023medicamentos,
  title={Regulamentação de Medicamentos Biológicos},
  author={{ANVISA}},
  year={2023},
  howpublished={Agência Nacional de Vigilância Sanitária},
  note={Disponível em: \url{https://www.gov.br/anvisa/pt-br/assuntos/medicamentos/biologicos}. Acesso em: 10 jan. 2023}
}

@misc{bcb2023pix,
  title={PIX: Sistema de Pagamentos Instantâneos Brasileiro},
  author={{Banco Central do Brasil}},
  year={2023},
  howpublished={Banco Central do Brasil},
  note={Disponível em: \url{https://www.bcb.gov.br/estabilidadefinanceira/pix}. Acesso em: 05 ago. 2023}
}

% ==============================================================================
% 7. SITES EMPRESARIAIS E TECNOLÓGICOS
% ==============================================================================

@misc{github2023copilot,
  title={GitHub Copilot: Your AI pair programmer},
  author={{GitHub}},
  year={2023},
  howpublished={GitHub, Inc.},
  note={Disponível em: \url{https://github.com/features/copilot}. Acesso em: 20 ago. 2023}
}

@misc{google2023tensorflow,
  title={TensorFlow: Machine Learning Platform},
  author={{Google}},
  year={2023},
  howpublished={Google LLC},
  note={Disponível em: \url{https://www.tensorflow.org/}. Acesso em: 12 set. 2023}
}

@misc{microsoft2023azure,
  title={Azure AI Services: Cognitive Services},
  author={{Microsoft}},
  year={2023},
  howpublished={Microsoft Corporation},
  note={Disponível em: \url{https://azure.microsoft.com/en-us/products/cognitive-services/}. Acesso em: 18 jul. 2023}
}

@misc{openai2023chatgpt,
  title={ChatGPT: Conversational AI},
  author={{OpenAI}},
  year={2023},
  howpublished={OpenAI},
  note={Disponível em: \url{https://chat.openai.com}. Acesso em: 25 nov. 2023}
}

@misc{nvidia2023cuda,
  title={CUDA Toolkit Documentation},
  author={{NVIDIA}},
  year={2023},
  howpublished={NVIDIA Corporation},
  note={Disponível em: \url{https://docs.nvidia.com/cuda/}. Acesso em: 14 out. 2023}
}

% ==============================================================================
% 8. ORGANIZAÇÕES INTERNACIONAIS
% ==============================================================================

@misc{who2023ai,
  title={Ethics and Governance of Artificial Intelligence for Health},
  author={{WHO}},
  year={2023},
  howpublished={World Health Organization},
  address={Geneva},
  note={Disponível em: \url{https://www.who.int/publications/i/item/9789240029200}. Acesso em: 10 jul. 2023}
}

@misc{ieee2023standards,
  title={IEEE Standards for Artificial Intelligence},
  author={{IEEE}},
  year={2023},
  howpublished={Institute of Electrical and Electronics Engineers},
  note={Disponível em: \url{https://standards.ieee.org/initiatives/artificial-intelligence-systems/}. Acesso em: 30 jun. 2023}
}

@misc{oecd2023digital,
  title={OECD Digital Economy Outlook 2023},
  author={{OECD}},
  year={2023},
  howpublished={Organisation for Economic Co-operation and Development},
  address={Paris},
  note={Disponível em: \url{https://www.oecd.org/digital/oecd-digital-economy-outlook-2023}. Acesso em: 22 mai. 2023}
}

@misc{un2023sdg,
  title={Sustainable Development Goals: Progress Report 2023},
  author={{UN}},
  year={2023},
  howpublished={United Nations},
  address={New York},
  note={Disponível em: \url{https://unstats.un.org/sdgs/report/2023/}. Acesso em: 15 jul. 2023}
}

% ==============================================================================
% 9. LEGISLAÇÃO E NORMAS TÉCNICAS
% ==============================================================================

@misc{lgpd2018,
  title={Lei Geral de Proteção de Dados Pessoais},
  author={{BRASIL}},
  year={2018},
  note={Lei nº 13.709, de 14 de agosto de 2018. Diário Oficial da União, Brasília, DF, 15 ago. 2018}
}

@misc{marco2014civil,
  title={Marco Civil da Internet},
  author={{BRASIL}},
  year={2014},
  note={Lei nº 12.965, de 23 de abril de 2014. Diário Oficial da União, Brasília, DF, 24 abr. 2014}
}

@misc{abnt2011citacoes,
  title={NBR 10520: Informação e documentação -- Citações em documentos -- Apresentação},
  author={{ABNT}},
  year={2011},
  publisher={Associação Brasileira de Normas Técnicas},
  address={Rio de Janeiro}
}

@misc{abnt2018referencias,
  title={NBR 6023: Informação e documentação -- Referências -- Elaboração},
  author={{ABNT}},
  year={2018},
  publisher={Associação Brasileira de Normas Técnicas},
  address={Rio de Janeiro}
}

@misc{iso27001,
  title={ISO/IEC 27001: Information security management systems -- Requirements},
  author={{ISO}},
  year={2022},
  publisher={International Organization for Standardization},
  address={Geneva}
}

% ==============================================================================
% 10. TRABALHOS DE CONCLUSÃO DE CURSO
% ==============================================================================

@misc{sousa2022desenvolvimento,
  title={Desenvolvimento de aplicativo móvel para gestão de resíduos sólidos},
  author={Sousa, Rafael Oliveira},
  year={2022},
  howpublished={Trabalho de Conclusão de Curso (Bacharelado em Ciência da Computação)},
  note={Universidade Estadual Paulista, Rio Claro},
  pages={75}
}

@misc{costa2023blockchain,
  title={Implementação de sistema de votação eletrônica usando blockchain},
  author={Costa, Mariana Silva},
  year={2023},
  howpublished={Trabalho de Conclusão de Curso (Bacharelado em Engenharia de Computação)},
  note={Universidade de São Paulo, São Carlos},
  pages={92}
}

% ==============================================================================
% 11. RELATÓRIOS TÉCNICOS
% ==============================================================================

@techreport{nasa2023mars,
  title={Mars Sample Return Mission: Technical Report},
  author={Johnson, Robert and Smith, Jennifer and Lee, Kevin},
  year={2023},
  institution={NASA Jet Propulsion Laboratory},
  address={Pasadena, CA},
  number={JPL-2023-001},
  pages={234}
}

@techreport{ipcc2023climate,
  title={Climate Change 2023: Synthesis Report},
  author={{IPCC}},
  year={2023},
  institution={Intergovernmental Panel on Climate Change},
  address={Geneva},
  number={AR6-SYR},
  pages={184}
}

@techreport{cetic2023tic,
  title={Pesquisa sobre o Uso das Tecnologias de Informação e Comunicação nos Domicílios Brasileiros -- TIC Domicílios 2022},
  author={{CGI.br}},
  year={2023},
  institution={Comitê Gestor da Internet no Brasil},
  address={São Paulo},
  pages={456}
}

% ==============================================================================
% 12. PREPRINTS E REPOSITÓRIOS CIENTÍFICOS
% ==============================================================================

@misc{silva2023quantum,
  title={Quantum Machine Learning for Drug Discovery: A Survey},
  author={Silva, Ana Carolina and Pereira, José Maria},
  year={2023},
  howpublished={arXiv preprint},
  note={arXiv:2308.12345. Disponível em: \url{https://arxiv.org/abs/2308.12345}. Acesso em: 28 ago. 2023}
}

@misc{santos2023biomedical,
  title={Biomedical Text Mining using Large Language Models},
  author={Santos, Felipe Roberto and Lima, Carla Andreia},
  year={2023},
  howpublished={bioRxiv preprint},
  note={bioRxiv:2023.07.15.549123. Disponível em: \url{https://www.biorxiv.org/content/10.1101/2023.07.15.549123}. Acesso em: 20 jul. 2023}
}

% ==============================================================================
% 13. DOCUMENTAÇÃO TÉCNICA E MANUAIS
% ==============================================================================

@misc{python2023documentation,
  title={Python 3.11 Documentation},
  author={{Python Software Foundation}},
  year={2023},
  howpublished={Python Software Foundation},
  note={Disponível em: \url{https://docs.python.org/3.11/}. Acesso em: 03 nov. 2023}
}

@misc{docker2023documentation,
  title={Docker Documentation},
  author={{Docker Inc.}},
  year={2023},
  howpublished={Docker Inc.},
  note={Disponível em: \url{https://docs.docker.com/}. Acesso em: 16 set. 2023}
}

@misc{kubernetes2023docs,
  title={Kubernetes Documentation},
  author={{Cloud Native Computing Foundation}},
  year={2023},
  howpublished={Cloud Native Computing Foundation},
  note={Disponível em: \url{https://kubernetes.io/docs/}. Acesso em: 08 out. 2023}
}

% ==============================================================================
% 14. ARTIGOS EM JORNAIS E REVISTAS NÃO CIENTÍFICAS
% ==============================================================================

@article{folha2023ia,
  title={Inteligência artificial revoluciona diagnósticos médicos},
  author={Costa, Marcos Vinícius},
  journal={Folha de S. Paulo},
  year={2023},
  month={set},
  day={15},
  note={Caderno Ciência, p. A12}
}

@article{estadao2023tecnologia,
  title={Brasil avança na implementação de cidades inteligentes},
  author={Ferreira, Luciana},
  journal={O Estado de S. Paulo},
  year={2023},
  month={ago},
  day={22},
  note={Caderno Economia, p. B8}
}

@article{economist2023chatgpt,
  title={The promise and peril of ChatGPT},
  author={Johnson, Emily},
  journal={The Economist},
  year={2023},
  month={mar},
  day={30},
  note={Technology section}
}

% ==============================================================================
% 15. BASES DE DADOS E DATASETS
% ==============================================================================

@misc{kaggle2023dataset,
  title={COVID-19 Open Research Dataset Challenge (CORD-19)},
  author={{Kaggle}},
  year={2023},
  howpublished={Kaggle Inc.},
  note={Disponível em: \url{https://www.kaggle.com/datasets/allen-institute-for-ai/CORD-19-research-challenge}. Acesso em: 12 abr. 2023}
}

@misc{worldbank2023data,
  title={World Development Indicators},
  author={{World Bank}},
  year={2023},
  howpublished={The World Bank Group},
  note={Disponível em: \url{https://databank.worldbank.org/source/world-development-indicators}. Acesso em: 28 jun. 2023}
}

@misc{datasus2023sim,
  title={Sistema de Informações sobre Mortalidade -- SIM},
  author={{DATASUS}},
  year={2023},
  howpublished={Ministério da Saúde},
  note={Disponível em: \url{https://datasus.saude.gov.br/informacoes-de-saude-tabnet/}. Acesso em: 18 mai. 2023}
}

% ==============================================================================
% 16. VÍDEOS E PODCASTS EDUCACIONAIS
% ==============================================================================

@misc{mit2023algorithms,
  title={Introduction to Algorithms -- Lecture 1: Algorithmic Thinking},
  author={Leiserson, Charles E.},
  year={2023},
  howpublished={MIT OpenCourseWare. YouTube},
  note={Disponível em: \url{https://www.youtube.com/watch?v=HtSuA80QTyo}. Acesso em: 24 fev. 2023}
}

@misc{stanford2023ml,
  title={Machine Learning Explained -- CS229},
  author={Ng, Andrew},
  year={2023},
  howpublished={Stanford University. YouTube},
  note={Disponível em: \url{https://www.youtube.com/watch?v=jGwO_UgTS7I}. Acesso em: 17 mar. 2023}
}

@misc{datascience2023podcast,
  title={The Future of Artificial Intelligence in Healthcare},
  author={Silva, Roberto and Fernandes, Ana},
  year={2023},
  howpublished={Data Science Podcast. Spotify},
  note={Episódio 156, 45 min. Disponível em: \url{https://open.spotify.com/episode/example}. Acesso em: 09 jul. 2023}
}

% ==============================================================================
% 17. REDES SOCIAIS (APENAS QUANDO ACADEMICAMENTE RELEVANTE)
% ==============================================================================

@misc{linus2023linux,
  title={Important kernel security update},
  author={Torvalds, Linus},
  year={2023},
  month={ago},
  day={14},
  howpublished={Twitter/X: @Linus\_\_Torvalds},
  note={Disponível em: \url{https://twitter.com/Linus__Torvalds/status/1234567890}. Acesso em: 15 ago. 2023}
}

@misc{nature2023discovery,
  title={Breaking: New exoplanet discovered with potential for life},
  author={{Nature Portfolio}},
  year={2023},
  month={jul},
  day={03},
  howpublished={LinkedIn: Nature Portfolio},
  note={Disponível em: \url{https://www.linkedin.com/posts/nature-portfolio_exoplanet-discovery}. Acesso em: 04 jul. 2023}
}

% ==============================================================================
% 18. SOFTWARE E APLICATIVOS
% ==============================================================================

@misc{r2023software,
  title={R: A Language and Environment for Statistical Computing},
  author={{R Core Team}},
  year={2023},
  howpublished={R Foundation for Statistical Computing},
  address={Vienna, Austria},
  note={Versão 4.3.1. Disponível em: \url{https://www.R-project.org/}. Acesso em: 20 jun. 2023}
}

@misc{spss2023software,
  title={IBM SPSS Statistics for Windows},
  author={{IBM Corp.}},
  year={2023},
  howpublished={IBM Corp.},
  address={Armonk, NY},
  note={Versão 29.0. Disponível em: \url{https://www.ibm.com/products/spss-statistics}. Acesso em: 11 set. 2023}
}

@misc{qgis2023software,
  title={QGIS Geographic Information System},
  author={{QGIS Development Team}},
  year={2023},
  howpublished={QGIS Association},
  note={Versão 3.32. Disponível em: \url{https://qgis.org}. Acesso em: 25 out. 2023}
}

% ==============================================================================
% 19. BLOGS ESPECIALIZADOS E ARTIGOS TÉCNICOS
% ==============================================================================

@misc{medium2023blockchain,
  title={Understanding Blockchain Technology: A Comprehensive Guide},
  author={Johnson, Mark},
  year={2023},
  month={jun},
  day={12},
  howpublished={Medium},
  note={Disponível em: \url{https://medium.com/@markjohnson/understanding-blockchain-comprehensive-guide}. Acesso em: 15 jun. 2023}
}

@misc{towardsdatascience2023nlp,
  title={Natural Language Processing in 2023: Trends and Innovations},
  author={Chen, Lisa},
  year={2023},
  month={mai},
  day={28},
  howpublished={Towards Data Science -- Medium},
  note={Disponível em: \url{https://towardsdatascience.com/nlp-2023-trends-innovations}. Acesso em: 30 mai. 2023}
}

@misc{hackernoon2023quantum,
  title={Quantum Computing: From Theory to Practice},
  author={Smith, David},
  year={2023},
  month={abr},
  day={08},
  howpublished={HackerNoon},
  note={Disponível em: \url{https://hackernoon.com/quantum-computing-theory-practice}. Acesso em: 10 abr. 2023}
}

% ==============================================================================
% 20. WIKIPEDIA E OUTRAS ENCICLOPÉDIAS (COM CAUTELA)
% ==============================================================================
% NOTA: Use Wikipedia apenas quando for a fonte mais acessível para definições
% básicas ou dados históricos bem estabelecidos. Prefira sempre fontes primárias.

@misc{wikipedia2023machine,
  title={Machine Learning},
  author={{Wikipedia}},
  year={2023},
  howpublished={Wikimedia Foundation},
  note={Última modificação: 22 nov. 2023. Disponível em: \url{https://en.wikipedia.org/wiki/Machine_learning}. Acesso em: 25 nov. 2023}
}

@misc{britannica2023quantum,
  title={Quantum computing},
  author={{Encyclopædia Britannica}},
  year={2023},
  howpublished={Encyclopædia Britannica, Inc.},
  note={Disponível em: \url{https://www.britannica.com/technology/quantum-computing}. Acesso em: 18 out. 2023}
}

% ==============================================================================
% 21. CURSOS ONLINE E MOOCs
% ==============================================================================

@misc{coursera2023deeplearning,
  title={Deep Learning Specialization},
  author={Ng, Andrew},
  year={2023},
  howpublished={Coursera -- deeplearning.ai},
  note={Disponível em: \url{https://www.coursera.org/specializations/deep-learning}. Acesso em: 14 jul. 2023}
}

@misc{edx2023ai,
  title={Introduction to Artificial Intelligence (AI)},
  author={{MIT}},
  year={2023},
  howpublished={edX -- Massachusetts Institute of Technology},
  note={Disponível em: \url{https://www.edx.org/course/introduction-to-artificial-intelligence-ai}. Acesso em: 02 ago. 2023}
}

% ==============================================================================
% 22. DICIONÁRIOS E GLOSSÁRIOS ESPECIALIZADOS
% ==============================================================================

@misc{techterms2023ai,
  title={Artificial Intelligence (AI) Definition},
  author={{TechTerms}},
  year={2023},
  howpublished={TechTerms.com},
  note={Disponível em: \url{https://techterms.com/definition/ai}. Acesso em: 19 set. 2023}
}

@misc{gartner2023glossary,
  title={Gartner Glossary: Digital Transformation},
  author={{Gartner}},
  year={2023},
  howpublished={Gartner, Inc.},
  note={Disponível em: \url{https://www.gartner.com/en/information-technology/glossary/digital-transformation}. Acesso em: 13 nov. 2023}
}

% ==============================================================================
% EXEMPLOS DE CITAÇÕES NO TEXTO:
% ==============================================================================
% Citação simples: \cite{silva2023fundamentos} → (SILVA; SANTOS, 2023)
% Citação integrada: \citeonline{oliveira2022machine} → Oliveira e Costa (2022)
% Múltiplas citações: \cite{knuth1997art,pressman2021engenharia} → (KNUTH, 1997; PRESSMAN; MAXIM, 2021)
% Com página: \cite[p. 45]{silva2023fundamentos} → (SILVA; SANTOS, 2023, p. 45)
% Citação de sites: \cite{github2023copilot} → (GITHUB, 2023)
% Citação de organizações: \cite{who2023ai} → (WHO, 2023)
% Para preprints: \cite{silva2023quantum} → (SILVA; PEREIRA, 2023)
% Para software: \cite{r2023software} → (R CORE TEAM, 2023)
% Para vídeos: \cite{mit2023algorithms} → (LEISERSON, 2023)
% Para redes sociais: \cite{linus2023linux} → (TORVALDS, 2023)
% ==============================================================================

% ==============================================================================
% DICAS IMPORTANTES PARA CITAÇÃO DE FONTES ONLINE:
% ==============================================================================
% 1. SEMPRE inclua a data de acesso para sites
% 2. Para organizações, use chaves duplas: {{Nome da Organização}}
% 3. Para preprints, mencione o repositório (arXiv, bioRxiv, etc.)
% 4. Para software, inclua versão quando relevante
% 5. Para redes sociais, cite apenas quando academicamente necessário
% 6. Para blogs, prefira autores reconhecidos na área
% 7. Evite fontes não confiáveis ou sem autoria clara
% 8. Para Wikipedia, use com cautela e prefira fontes primárias
% 9. Para vídeos, inclua duração quando relevante
% 10. Para datasets, mencione a plataforma ou repositório
% ==============================================================================

% ==============================================================================
% CAMPOS ESPECIAIS PARA DIFERENTES TIPOS DE FONTE:
% ==============================================================================
% Para sites: use 'howpublished' para a organização e 'note' para URL e acesso
% Para software: use 'howpublished' para desenvolvedor e 'note' para versão/URL
% Para vídeos: use 'howpublished' para plataforma e 'note' para URL/duração
% Para preprints: use 'howpublished' para repositório e 'note' para identificador
% Para redes sociais: use 'howpublished' para plataforma/perfil e 'note' para URL
% Para datasets: use 'howpublished' para repositório e 'note' para URL/acesso
% Para legislação: use 'note' para número da lei e publicação oficial
% Para normas: use 'publisher' para organização normativa
% ==============================================================================

% ==============================================================================
% CHECKLIST PARA REFERÊNCIAS DE QUALIDADE:
% ==============================================================================
% □ Todas as referências têm autor ou organização identificada?
% □ Todas as URLs foram testadas e estão funcionais?
% □ Todas as fontes online têm data de acesso?
% □ As citações no texto correspondem às referências?
% □ As referências seguem o padrão ABNT consistentemente?
% □ As fontes são confiáveis e acadêmicas?
% □ Há diversidade de tipos de fonte (livros, artigos, sites, etc.)?
% □ As referências estão ordenadas alfabeticamente por autor?
% □ Todos os campos obrigatórios estão preenchidos?
% □ As informações estão completas e precisas?
% ==============================================================================